@Book{pln,
  title =	 {Procesamiento del lenguaje natural (PLN) con Python},
  publisher = 	 {Versión electrónica},
  webpage = {https://www.baoss.es/procesamiento-del-lenguaje-natural-pln-con-python/},
}

@Book{demencia,
	title =	 {¿Qué es la demencia?},
	publisher = 	 {Versión electrónica},
	webpage = {https://www.alz.org/alzheimer-demencia/que-es-la-demencia?lang=es-MX},
}

@Book{terapia,
	title =	 {¿Qué es la terapia ocupacional},
	publisher = 	 {Versión electrónica},
	webpage = {https://aptoca.org/terapia-ocupacional/que-es-la-terapia-ocupacional-2/},
}

@Book{rrss,
	title =	 {Extracción de información personal a partir de redes sociales para la creación de un libro de vida},
	publisher = 	 {Versión electrónica},
	webpage = {https://eprints.ucm.es/id/eprint/68328/},
}

@Book{preguntas,
	title =	 {Extracción de preguntas a partir de imágenes para personas con problemas de memoria mediante técnicas de Deep Learning},
	publisher = 	 {Versión electrónica},
	webpage = {https://eprints.ucm.es/id/eprint/66857/},
}

@Book{asistencia,
	title =	 {Sistema de asistencia para cuidados de enfermos del Alzheimer},
	publisher = 	 {Versión electrónica},
	webpage = {https://eprints.ucm.es/id/eprint/67069/},
}

@Book{resumen,
	title =	 {Generación de resúmenes de video-entrevistas utilizando redes neuronales},
	publisher = 	 {Versión electrónica},
	webpage = {https://eprints.ucm.es/id/eprint/68333/},
}

@Book{reminiscencia,
	title =	 {Herramienta de ayuda guiada para la reminiscencia},
	publisher = 	 {Versión electrónica},
	webpage = {https://eprints.ucm.es/id/eprint/68332/},
}

@Book{categorizar,
	title =	 {TextCategorizer},
	publisher = 	 {Versión electrónica},
	webpage = {https://spacy.io/api/textcategorizer},
}

@Book{prototipo,
	title =	 {How to Train Text Classification Model in spaCy?},
	publisher = 	 {Versión electrónica},
	webpage = {https://www.machinelearningplus.com/nlp/custom-text-classification-spacy/},
}

@Book{cantor,
	title =	 {Concesión del Proyecto CANTOR},
	publisher = 	 {Versión electrónica},
	webpage = {https://www.ucm.es/itc/noticias/40943},
}