

https://devguide.python.org/

https://www.mongodb.com/docs/

mysql
spacy
flask
visual studio
texstudio
https://www.texstudio.org/
https://chatterbot.readthedocs.io/en/stable/index.html
https://spacy.io/usage/spacy-101
https://www.mongodb.com/languages/python
https://repositori.uji.es/xmlui/bitstream/handle/10234/161876/TFG_Lopez_Cano,_Lorena.pdf?sequence=1&isAllowed=y